@misc{WinNT,
title = {{MS Windows NT} Kernel Description},
howpublished = {\url{http://web.archive.org/web/20080207010024/}},
note = {Accessed: 2010-09-30}}
