@book{book:loupSolitaire,
	author="Dever, Joe",
    title="Les Grottes de Kalte - Loup solitaire 3",
	collection="Un livre dont vous êtes le héros",
    publisher="Gallimard Jeunesse",
    date="7 juin 2012"
}
